<?xml version="1.0" encoding="UTF-8"?><record xmlns="http://www.loc.gov/MARC21/slim" xmlns:cinclude="http://apache.org/cocoon/include/1.0" xmlns:zs="http://www.loc.gov/zing/srw/">
  <leader>00563cz  a2200133n  4500</leader>
  <controlfield tag="001">n  91002280 </controlfield>
  <controlfield tag="003">DLC</controlfield>
  <controlfield tag="005">20040506120739.0</controlfield>
  <controlfield tag="008">910109n| acannaab           |n aaa     c</controlfield>
  <datafield tag="010" ind1=" " ind2=" ">
    <subfield code="a">n  91002280 </subfield>
  </datafield>
  <datafield tag="040" ind1=" " ind2=" ">
    <subfield code="a">CU</subfield>
    <subfield code="c">CU</subfield>
  </datafield>
  <datafield tag="100" ind1="1" ind2="0">
    <subfield code="a">Hoede, Roland</subfield>
  </datafield>
  <datafield tag="670" ind1=" " ind2=" ">
    <subfield code="a">Die Frankfurter Nationalversammlung ... c1989:</subfield>
    <subfield code="b">t.p. (Roland Hoede)</subfield>
  </datafield>
  <datafield tag="670" ind1=" " ind2=" ">
    <subfield code="a">In guten HaĚnden, c2001:</subfield>
    <subfield code="b">p. 192 (M.A. ; studied history and politics at the univ. Wolfgang Goethe in Frankfurt am Main ; publications on the history of Frankfurt am Main and on the Germany liberation movement in the 19th century)</subfield>
  </datafield>
</record>